% This file was created with JabRef 2.9b2.
% Encoding: ISO8859_1

@article{guo2013optimal,
  title={Optimal placement in a limit order book},
  author={Guo, Xin and de Larrard, Adrien and Ruan, Zhao},
  journal={Preprint},
  year={2013}
}

@misc{stock-exchange,
    title={Investopedia: Stock Exchange History},
    url={https://www.investopedia.com/articles/07/stock-exchange-history.asp},
    note = "[Online; accessed April 30, 2018]"
}

@misc{fundamental-analysis,
    title={Investopedia: Fundamental Analysis},
    url={https://www.investopedia.com/terms/f/fundamentalanalysis.asp},
    note = "[Online; accessed April 30, 2018]"
}

@misc{technical-analysis,
    title={Investopedia: Technical Analysis},
    url={https://www.investopedia.com/terms/f/technicalanalysis.asp},
    note = "[Online; accessed April 30, 2018]"
}

@misc{td-investing,
    title={Investopedia: Top-Down Investing},
    url={https://www.investopedia.com/terms/t/topdowninvesting.asp},
    note = "[Online; accessed April 30, 2018]"
}

@misc{bu-investing,
    title={Investopedia: Bottom-Up Investing},
    url={https://www.investopedia.com/terms/b/bottomupinvesting.asp},
    note = "[Online; accessed April 30, 2018]"
}

@book{patterson2012dark,
  title={Dark pools: The rise of AI trading machines and the looming threat to Wall Street},
  author={Patterson, Scott},
  year={2012},
  publisher={Random House}
}

@inproceedings{nevmyvaka2006reinforcement,
  title={Reinforcement learning for optimized trade execution},
  author={Nevmyvaka, Yuriy and Feng, Yi and Kearns, Michael},
  booktitle={Proceedings of the 23rd international conference on Machine learning},
  pages={673--680},
  year={2006},
  organization={ACM}
}

@article{mnih2013playing,
  title={Playing atari with deep reinforcement learning},
  author={Mnih, Volodymyr and Kavukcuoglu, Koray and Silver, David and Graves, Alex and Antonoglou, Ioannis and Wierstra, Daan and Riedmiller, Martin},
  journal={arXiv preprint arXiv:1312.5602},
  year={2013}
}